@Manual{serizay2023,
    title = {BiocBook: Write, publish and maintain versioned Quarto books with Bioconductor},
    author = {Jacques Serizay},
    year = {2023},
    note = {R package version 0.99.0},
    url = {https://github.com/js2264/BiocBook},
}

@Manual{lun2023,
    title = {rebook: Re-using Content in Bioconductor Books},
    author = {Aaron Lun},
    year = {2023},
    note = {R package version 1.11.1},
    url = {https://bioconductor.org/packages/rebook},
    doi = {10.18129/B9.bioc.rebook},
}

@software{Allaire_Quarto_2022,
author = {Allaire, J.J. and Teague, Charles and Scheidegger, Carlos and Xie, Yihui and Dervieux, Christophe},
doi = {10.5281/zenodo.5960048},
month = jan,
title = {{Quarto}},
url = {https://github.com/quarto-dev/quarto-cli},
version = {1.2},
year = {2022}
}

@Manual{Wickham2022,
    title = {devtools: Tools to Make Developing R Packages Easier},
    author = {Hadley Wickham and Jim Hester and Winston Chang and Jennifer Bryan},
    year = {2022},
    note = {R package version 2.4.5},
    url = {https://CRAN.R-project.org/package=devtools},
}

@ARTICLE{Marconato2024,
  title    = "{SpatialData}: an open and universal data framework for spatial
              omics",
  author   = "Marconato, Luca and Palla, Giovanni and Yamauchi, Kevin A and
              Virshup, Isaac and Heidari, Elyas and Treis, Tim and Vierdag,
              Wouter-Michiel and Toth, Marcella and Stockhaus, Sonja and
              Shrestha, Rahul B and Rombaut, Benjamin and Pollaris, Lotte and
              Lehner, Laurens and VÃ¶hringer, Harald and Kats, Ilia and Saeys,
              Yvan and Saka, Sinem K and Huber, Wolfgang and Gerstung, Moritz
              and Moore, Josh and Theis, Fabian J and Stegle, Oliver",
  journal  = "Nature Methods",
  year     =  2024,
  language = "en"
}
